2229 3672
364 228 497 293 ¹24

468 413 656 513 XI.
748 416 997 515 SYS
1043 414 1904 517 TEMATICI.

363 663 436 784 S
459 657 788 743 ystematici
819 665 980 744 sunt,
1041 668 1146 752 qui
1190 685 1408 750 genera
1450 663 1778 749 plantarum
1806 664 2017 728 secun-

522 745 669 808 dum
705 748 929 812 Classes
965 752 1033 814 &
1064 750 1301 814 ordines
1332 750 1752 834 disposuerunt.

358 825 638 892 Nomina
660 833 987 913 plantarum
1004 837 1341 918 ignotarum
1369 834 1524 916 apud
1544 830 1874 914 Αυᾶοῐεε,
1899 831 2021 892 fine

441 913 731 977 divisione
776 917 843 980 in
881 934 1040 980 tanta
1087 918 1469 981 multitudine
1502 915 1835 1000 plantarum
1857 960 1876 990 ,
1924 934 2018 977 re·

439 999 629 1078 perire
652 997 981 1063 admodum
1025 1002 1276 1065 arduum
1308 1001 1395 1064 est
1412 1047 1430 1074 ‚
1476 1001 1619 1062 hinc
1669 996 2019 1083 Systematie

441 1081 500 1142 ci
537 1081 813 1144 omnium
838 1086 1107 1148 'maxime
1131 1086 1440 1151 neceflarii
1471 1084 1628 1147 sunt.

361 1162 788 1248 Systematicos
812 1166 1021 1237 divido
1051 1170 1113 1232 in
1150 1167 1522 1232 orthodoxos
1567 1167 1626 1228 &
1678 1162 1776 1226 He
1787 1165 2021 1227 teredo-

440 1270 587 1331 xos,
625 1249 756 1313 illos
779 1252 999 1319 iterum
1045 1254 1110 1317 in
1158 1249 1582 1318 Particulares
1636 1246 1697 1310 δι
1742 1247 2018 1312 Univer-

414 1334 602 1415 sales.

580 1501 1800 1585 §.LHETERODOXL

358 1598 866 1669 HETERonoxx
925 1605 1482 1690 Systetnaticisunt,
1526 1604 1628 1689 qui
1660 1599 2016 1664 fundamen-

440 1702 572 1748 tum
599 1688 907 1752 dividendi
936 1693 1157 1772 plantas
1182 1735 1198 1767 ‚
1247 1692 1323 1752 ab
1353 1687 1504 1763 alic,
1550 1705 1726 1772 quam
1762 1683 2016 1748 fruetifi-

441 1772 691 1832 cationis
722 1775 1018 1856 principio
1035 1823 1055 1856 ‚
1097 1772 1544 1851 desumserunt„

358 1848 645 1918 vamo
694 1858 1118 1921 Heterodoxos
1173 1860 1237 1919 in
1279 1852 1769 1936 Alphabetarios,
1811 1852 2013 1914 Chro-

433 1937 631 2014 nicos,
674 1933 1021 2024 Topophtlos
1058 1989 1077 2019 ,
1138 1938 1479 2024 Empiricos
1513 1988 1534 2021 ‚
1592 1933 1970 2020 Seplastarios
1995 1985 2016 2018 ‚

438 2020 893 2108 Rhitzotomos‚
933 2019 1340 2109 Phyllophilos
1371 2067 1391 2100 ,
1436 2023 1506 2085 δί
1538 2019 2012 2109 Phyfiognomos,

356 2103 939 2171 Amana-rann
1003 2109 1182 2187 sunt,
1246 2108 1351 2186 qui
1404 2104 1723 2169 secundam
1777 2105 2010 2168 literam

435 2193 689 2273 primam
743 2195 1003 2256 nominis
1055 2192 1319 2279 generici
1398 2190 1744 2275 vegetabilia
1813 2188 2010 2271 dispo-

439 2294 608 2338 nunt.
1257 2315 1264 2320 -

353 2356 614 2425 TALES
656 2362 788 2428 sunt
836 2360 1054 2427 infiniti
1093 2381 1113 2437 ;
1158 2359 1457 2443 praecipue
1504 2372 1704 2419 autem
1754 2352 2008 2434 Floristae

433 2445 511 2507 &
546 2447 842 2531 Adonistae
875 2498 896 2532 ‚
939 2450 1042 2534 qui
1084 2446 1418 2509 maximam
1452 2450 1697 2523 partem:
1718 2437 2011 2502 methodo

433 2531 728 2607 ejusmodi
744 2534 1132 2618 Alphabetiea
1160 2527 1244 2591 ufi
1272 2526 1422 2589 sunt.

353 2609 751 2678 CHRomcr
805 2619 838 2679 a
884 2635 1158 2699 tempore
1194 2608 1457 2675 florendi
1500 2604 1856 2672 methodum
1899 2625 2015 2690 pe».

434 2712 586 2759 tunt.
680 2698 904 2761 Classes
937 2698 1342 2761 communiter
1384 2690 2010 2779 quatuor‚secundum

431 2798 476 2864 4
496 2781 501 2786 ’
519 2781 659 2843 anni
707 2797 976 2865 tempora
1015 2780 1346 2845 constituat
1384 2811 1415 2853 ‚·
1452 2776 1687 2839 ordines
1734 2790 1931 2838 autem
1973 2794 2009 2834 a

433 2864 730 2927 mensibus
746 2911 766 2942 ‚
806 2868 872 2929 in
905 2867 1119 2955 quibus
1143 2864 1319 2927 flores
1353 2860 1483 2924 suos
1515 2859 1807 2943 explicant
1843 2856 2009 2941 plan*

427 2963 543 3031 tae,
583 2948 917 3015 desumunt.
1317 2977 1322 2984 ·
1813 2969 1816 2972 ·

430 3031 686 3104 SIMON
738 3034 1009 3099 Parum.
1323 3055 1326 3058 ’

427 3117 602 3183 Flora
642 3119 898 3185 Danica·
933 3118 1089 3184 vide.
1124 3138 1187 3202 p.
1221 3116 1322 3186 86-

360 3201 944 3322 „Quadripartitum
975 3197 1413 3268 Botm1.x111.
1459 3173 1546 3281 34'
1607 3251 1650 3258 .,
1830 3223 2016 3339 Gis*
