2229 3672
326 230 431 314 ..μ
1123 267 1128 270 -
1320 285 1325 293 ,

419 409 580 506 111.
654 337 1959 520 1cHN1oGRAPH1ss·

355 631 415 750 Ι
426 621 838 709 Chniographi
874 628 1005 691 sunt
1019 675 1042 709 ,
1081 630 1187 709 qui
1218 626 1461 711 pieturis
1484 628 1628 714 ipsas
1660 625 1879 715 plantas
1893 653 2000 699 ve-

500 709 608 774 luti
642 713 703 774 in
728 709 967 793 speculo
1002 711 1407 793 repraesentare
1432 715 1778 797 satagerunt.

347 792 515 858 Cum
545 795 1080 859 Commentatores
1128 797 1190 858 in
1236 795 1653 881 investigandis
1691 799 1996 881 speciebus

427 879 486 942 se
525 880 699 942 toties
728 876 848 941 falli
879 878 1159 942 videbant
1185 930 1206 961 ,
1248 879 1416 944 satius
1449 881 1741 945 duxerunt
1772 882 1998 965 plantas

432 962 589 1056 prius
618 961 999 1058 Depingendi
1022 965 1092 1028 «Sc
1129 962 1522 1027 Describ'endi
1555 1014 1576 1048 ,
1631 965 1847 1029 deinde
1881 973 1997 1029 no-'-
2118 999 2126 1007 =

428 1045 695 1108 minandi
709 1094 730 1128 ‚
746 1066 824 1107 ne
840 1049 1085 1111 nomina
1102 1063 1379 1111 notarum
1394 1066 1539 1112 cum
1576 1046 1700 1110 aliis
1731 1051 1997 1114 confun-

425 1126 721 1192 derentur.
1973 1159 1976 1172 =

345 1208 419 1274 F·
530 1231 589 1275 κ’
614 1212 743 1276 fiant
771 1211 868 1275 vel
905 1212 1103 1298 Ligno
1134 1213 1230 1275 vel
1261 1211 1401 1276 AEri
1447 1214 1645 1278 incisae
1683 1260 1703 1287 ..
1743 1235 1997 1301 quarum

466 1318 520 1361 ae
551 1299 955 1361 communiter
985 1296 1287 1361 nitidiores
1318 1299 1387 1363 δε
1414 1298 1805 1361 accuratiores
1823 1348 1844 1381 ‚
1875 1299 1993 1364 illae

423 1400 568 1444 vero
587 1381 931 1467 plerumque
948 1381 1210 1448 rudiores
1237 1380 1367 1445 sunt
1380 1431 1403 1465 ,
1421 1382 1459 1442 fi
1478 1400 1687 1465 paucas
1730 1384 1992 1467 excipia-

424 1483 578 1529 mus.

343 1546 639 1630 Veterum
661 1547 836 1632 pauci
868 1542 997 1607 sunt
1066 1546 1129 1609 ui
1147 1544 1359 1611 Icones
1371 1549 1989 1634 accuratasexhibent,

420 1630 627 1695 nostro
672 1646 871 1695 autern
913 1627 1052 1693 secu
1071 1649 1112 1693 o
1143 1631 1275 1695 haec
1308 1678 1328 1711 ,
1388 1633 1477 1695 uti
1521 1631 1761 1716 reliquae
1804 1650 1952 1697 artes
1965 1683 1989 1717 ‚

420 1715 636 1778 florere
668 1715 881 1797 coepit.
1706 1749 1713 1756 ·

335 1798 692 1865 Dolendurn
703 1815 905 1863 tamen
920 1794 1027 1869 est,
1048 1796 1210 1884 quod
1237 1800 1384 1865 tanti
1397 1818 1620 1864 errores
1632 1798 1783 1883 saepe
1813 1819 1990 1865 com-

413 1885 721 1948 mittantur
765 1903 801 1946 a
860 1880 1269 1963 Sculptoribus
1295 1933 1316 1966 ‚
1359 1899 1425 1946 ut
1466 1885 1527 1945 in
1584 1885 1984 1949 minutiffimis

325 1974 341 2033 f
417 1965 708 2052 partibas,
748 1984 881 2029 raro
910 1963 994 2028 eis
1034 1963 1217 2028 fidere
1248 1967 1555 2050 poffimus.

297 2042 304 2052 ⁵
344 2050 689 2116 Pauciffimi
711 2051 891 2113 etiam
909 2046 1183 2112 Botanici
1198 2052 1400 2134 fuere,
1415 2051 1520 2136 qui
1547 2048 1653 2133 ipfi
1683 2048 1804 2114 suas
1832 2048 1987 2133 figu-

412 2156 501 2205 ras
548 2135 654 2199 aeri
721 2131 1060 2197 inciderunt
1078 2182 1101 2215 ‚
1143 2132 1188 2195 si
1230 2135 1589 2219 excipiamus
1624 2133 1985 2205 Columnam

411 2223 482 2286 &
515 2218 821 2288 Celeberr.
851 2213 1214 2281 Dillenium.

330 2300 644 2368 Diuum
661 2317 790 2368 xus
831 2299 1066 2363 excellit
1111 2302 1173 2362 in
1225 2299 1509 2365 leonibus
1540 2299 1717 2360 aeneis
1743 2300 1991 2383 ,Run-

413 2404 716 2451 Bsscxms
746 2401 993 2469 uterque
1020 2400 1220 2448 autem
1257 2386 1321 2447 in
1349 2383 1624 2467 Ligneis.

328 2467 612 2538 Plurimae
643 2468 936 2532 Veterum
985 2465 1196 2530 Icones
1243 2469 1306 2530 in
1354 2488 1429 2530 eo
1489 2465 1703 2552 soepius
1735 2486 1844 2530 nos
1877 2465 1985 2529 fal-

402 2555 534 2618 lunt
553 2602 572 2633 ‚
615 2552 778 2638 quod
795 2553 1012 2636 plantas
1025 2566 1293 2634 repentes
1314 2551 1596 2615 exhibent
1609 2551 1852 2633 ere&a83
1867 2571 1984 2615 nec

409 2659 535 2700 non
570 2638 823 2716 majores
853 2636 923 2699 ὅ(
956 2634 1253 2718 minores,
1295 2637 1530 2699 arbores
1562 2638 1632 2700 &
1662 2635 1867 2697 herbas
1900 2655 1985 2701 ae-

448 2721 563 2785 uali
609 2717 1016 2801 magnitudine
1056 2718 1468 2801 repraesentant
1497 2744 1519 2801 3
1577 2717 1646 2782 N
1652 2739 1736 2780 on
1784 2735 1985 2782 tamen

404 2744 612 2889 Egurae
634 2801 799 2885 justo
831 2803 1079 2882 majores
1094 2802 1407 2886 pingendae
1426 2800 1556 2865 sunt
1572 2851 1593 2884 ,
1635 2818 1701 2865 ut
1734 2803 1796 2863 in
1815 2801 1985 2865 Hor-

403 2906 472 2952 to
512 2887 884 2952 Malabarico
923 2885 1142 2968 soepius
1175 2886 1432 2950 vidimus
1462 2914 1484 2967 ς
1551 2885 1785 2949 Natura
1815 2887 1981 2949 enim

400 2987 692 3058 quantum
726 2971 857 3034 fieri
897 2967 1091 3054 potest
1120 2970 1402 3034 imitanda
1435 2968 1543 3032 est.

320 3058 477 3123 Sunt
522 3057 627 3142 qui
670 3055 837 3118 lineis
882 3070 1119 3117 tantum
1165 3053 1574 3135 marginalibus
1620 3051 1715 3116 vel
1767 3050 1982 3115 funda·

399 3140 755 3204 mentalibus
785 3138 1003 3224 plantas
1027 3136 1266 3202 nitidius
1284 3138 1576 3202 &clarius
1609 3136 1980 3199 exhibuerint

401 3229 500 3305 [ut
530 3221 812 3299 Fuchfius
845 3224 984 3290 διε.
1012 3225 1033 3303 )
1075 3240 1255 3307 quam
1287 3223 1384 3289 alii
1413 3220 1877 3287 elaboratiflimis
1909 3220 1983 3297 ὃς

407 3307 696 3374 umbrosis
727 3307 838 3372 suis
871 3306 1133 3391 pifituris.
1160 3306 1172 3315 '
1853 3302 1910 3366 C
1929 3324 2005 3367 oe
