2229 3672
503 242 1947 432 PRAEFATIO.

363 816 969 976 Bibliothecam
1005 866 1031 908 ‚
1095 816 1396 913 primam
1452 814 1824 887 Botanices
1875 837 2034 911 par·

600 933 743 987 tem
778 966 805 1007 ‚
857 914 1014 987 heic
1078 913 1387 997 brevitet
1438 912 1512 985 δε
1562 913 2028 1007 compendio-

457 1011 525 1083 se
603 1012 861 1085 Illustri
929 1008 1213 1083 [mermi
1281 1011 1589 1084 exhibeo
1632 1063 1659 1104 ,
1737 1010 2027 1108 relnquas

455 1131 706 1206 partem,
762 1112 1141 1183 iecundum
1178 1108 1521 1210 principia
1551 1109 1841 1184 theoriae
1891 1132 2026 1182 no-

458 1208 615 1281 strae
649 1261 674 1301 ‚
743 1210 814 1280 in
866 1210 1328 1279 Fundamentis
1397 1212 1726 1280 Botanicts
1773 1207 1956 1288 datae
1988 1260 2017 1302 ,

453 1309 732 1378 volente
767 1311 1103 1398 Summo,
1135 1307 1360 1404 prima
1404 1305 1768 1379 occafione
1819 1328 2018 1378 com·

455 1404 983 1494 municabimuS.

348 1500 720 1575 Primarius
742 1502 968 1574 noster
1003 1499 1249 1598 scopus
1282 1501 1399 1574 hic
1430 1501 1530 1574 est
1572 1502 1656 1574 ad
1692 1499 2014 1596 redigen·

453 1600 581 1671 dos
640 1599 978 1674 Austores
1058 1601 1128 1669 in
1195 1598 1553 1690 ordinem,
1601 1595 1710 1672 seu
1757 1599 2016 1678 Libros

437 1699 816 1788 Botanicos
865 1700 938 1768 in
989 1693 1401 1770 methodum
1453 1699 1870 1787 naturalem,
1926 1720 2010 1775 ut

440 1794 764 1890 Tyrones
813 1791 1029 1868 sciant
1087 1820 1262 1895 quos
1310 1795 1526 1871 libros
1571 1796 1832 1893 eligere
1885 1798 2007 1871 de-

427 1894 675 1986 beant,
702 1893 1203 1992 ffAu&oresque
1237 1896 1569 1989 noscant,
1620 1898 1743 1993 qui
1776 1897 1846 1967 in
1869 1896 2003 1969 hac

436 1992 549 2066 vel
606 1996 724 2067 illa
769 1995 1077 2067 scientiae
1142 1993 1396 2069 nostra:
1458 2011 1656 2092 parte
1704 1991 2000 2090 scripse·

436 2094 602 2165 rint.

327 2188 690 2284 Judicium
723 2186 808 2260 de
840 2189 1035 2263 libris
1089 2186 1374 2288 singulis
1420 2188 1581 2261 dare
1629 2189 1852 2261 nimia
1900 2188 1998 2260 es·

430 2286 523 2361 set
556 2290 945 2384 protervia3
1005 2291 1158 2383 quis
1207 2309 1348 2357 non
1397 2306 1583 2358 amat
1634 2287 1703 2356 ὃ(
1752 2288 1997 2359 defen·

427 2386 534 2462 dit
583 2386 934 2484 propriam
985 2385 1293 2459 sobolem
1337 2382 1366 2453 ?
1420 2387 1571 2481 quis
1620 2388 1813 2456 omni
1870 2405 1991 2457 ca-

416 2505 523 2556 ret
587 2483 876 2557 errore?
924 2487 1116 2581 quiS‚
1168 2484 1451 2555 nomine
1515 2479 1809 2579 dignus,
1864 2484 1988 2555 suo

415 2600 737 2676 tempore
769 2605 909 2654 non
942 2583 1200 2670 aliquid
1235 2582 1407 2653 utile
1437 2580 1816 2677 praestitit?
1850 2583 1986 2652 mi·
2050 2640 2056 2647 .

421 2704 497 2754 ra
524 2700 758 2752 tamen
793 2680 892 2750 est
920 2683 1102 2753 ¹inter
1125 2680 1459 2753 Αυᾶοτεε
1494 2680 1981 2776 discrepantia,

419 2780 599 2851 toto'
651 2778 844 2850 coelo
892 2804 927 2849 a
978 2776 1041 2849 se
1093 2777 1395 2851 invicem
1446 2775 1750 2870 distans,
1802 2799 1981 2869 quos

324 2902 334 2912 ·
418 2879 574 2949 usus
623 2876 795 2949 {anae
847 2878 1131 2949 rationis
1177 2876 1443 2972 optime
1491 2881 1697 2949 novit
1731 2873 1981 2960 distinq
2061 2890 2070 2891 ’

408 2996 678 3070 gnere,
744 2978 946 3071 pauci
1013 2977 1220 3045 etiam
1297 2978 1376 3061 inx
1437 2975 1624 3044 omni
1690 2971 1972 3044 seientia

411 3079 697 3147 fuerunt
725 3118 779 3167 ,·
821 3077 941 3170 qui
987 3072 1488 3217 exceffuerunt.
1589 3072 1973 3240 Ιὲηοίὲεη-

460 3190 495 3203 ··
1258 3190 1298 3268 3
1856 3187 1976 3240 um
